- For journals: Authors, Title, Journal, volume number, issue number, page number, publisher, month, year.
- For conferences: Authors, Title, Conference name, Place where held, publisher, page number, month, year.
- For technical reports: Authors, Title, institution, Technical report number, month, year.
- For web references: Authors, Title, Web-reference, date accessed.

URLs and DOIs are optional for published work but preferred.

@article{nakamoto2008bitcoin,
    title = {Bitcoin: A peer-to-peer electronic cash system},
    author = {Nakamoto, Satoshi and others},
    Url = {https://bitcoin.org/bitcoin.pdf},
    journal = {Decentralized Business Review},
    pages = {21260},
    year = {2008},
    urldate = {2022-01-15},
}

@inbook{merkle1980tree,
    title = {Protocols for public key cryptosystems},
    author = {Merkle, Ralph C},
    booktitle = {1980 IEEE Symposium on Security and Privacy},
    pages = {122--122},
    year = {1980},
    organization = {IEEE},
    doi = {10.1109/SP.1980.10006},
}

@book{smart2016cryptography,
    title = {Cryptography made simple},
    author = {Smart, Nigel P},
    year = {2016},
    publisher = {Springer},
    url = {https://link.springer.com/book/10.1007%2F978-3-319-21936-3},
    doi = {10.1007/978-3-319-21936-3},
}

@inbook{smart2016randomOracleModel,
    booktitle = {Cryptography made simple},
    pages = {221--222},
    title = {Computational Models: The Random Oracle Model},
    author = {Smart, Nigel P},
    year = {2016},
    publisher = {Springer},
    url = {https://link.springer.com/book/10.1007%2F978-3-319-21936-3},
    doi = {10.1007/978-3-319-21936-3},
}
@inbook{smart2016hashFunctions,
    booktitle = {Cryptography made simple},
    pages = {271--278},
    title = {Hash Functions, Message Authentication Codes and Key Derivation Functions},
    author = {Smart, Nigel P},
    year = {2016},
    publisher = {Springer},
    url = {https://link.springer.com/book/10.1007%2F978-3-319-21936-3},
    doi = {10.1007/978-3-319-21936-3},
}
@inbook{smart2016publicKey,
    booktitle = {Cryptography made simple},
    pages = {202--203},
    title = {Public Key Cryptography},
    author = {Smart, Nigel P},
    year = {2016},
    publisher = {Springer},
    url = {https://link.springer.com/book/10.1007%2F978-3-319-21936-3},
    doi = {10.1007/978-3-319-21936-3},
}
@inbook{smart2016signatures,
    booktitle = {Cryptography made simple},
    pages = {333--342},
    title = {Secure Digital Signatures},
    author = {Smart, Nigel P},
    year = {2016},
    publisher = {Springer},
    url = {https://link.springer.com/book/10.1007%2F978-3-319-21936-3},
    doi = {10.1007/978-3-319-21936-3},
}
@inbook{smart2016zeroknowledgeproofs,
    booktitle = {Cryptography made simple},
    pages = {425--436},
    title = {Zero-Knowledge Proofs},
    author = {Smart, Nigel P},
    year = {2016},
    publisher = {Springer},
    url = {https://link.springer.com/book/10.1007%2F978-3-319-21936-3},
    doi = {10.1007/978-3-319-21936-3},
}

@techreport{timestamps_tsp_rfc,
    title = {RFC3161: Internet X. 509 Public Key Infrastructure Time-Stamp Protocol (TSP)},
    author = {Adams, Carlisle and Cain, Pat and Pinkas, Denis and Zuccherato, Robert},
    year = {2001},
    publisher = {RFC Editor},
    institution = {RFC Editor},
    url = {https://www.rfc-editor.org/info/rfc3161},
    doi = {10.17487/RFC3161},
    urldate = {2022-01-15},
%    shorthand = {RFC3161},
}

@inproceedings{gipp2015timestamps_btc,
    title = {Decentralized Trusted Timestamping using the Crypto Currency Bitcoin},
    author = {Gipp, Bela and Meuschke, Norman and Gernandt, Andre},
    booktitle = {Proceedings of the iConference 2015 (to appear)},
    year = {2015},
    url = {https://arxiv.org/abs/1502.04015},
    urldate = {2021-15-01},
    doi = {10.5281/ZENODO.3547488},
}
// Lecture notes!
@misc{naranker2022zeroknowledge,
    author = {Dulay, Naranker},
    title = {Zero-Knowledge Proofs Introduction},
    howpublished = {Imperial College London, Deptartment Of Computing Lecture},
    pages = {23--30},
    date = {2021},
    url = {https://www.doc.ic.ac.uk/~nd/peng/slides3_notes.pdf},
    urldate = {2022-01-16},
}

@misc{gervais2022distribLedgers_transactionsInBitcoin,
    author = {Gervais, Arthur},
    title = {Transactions in Bitcoin},
    subtitle = {Principles of Distributed Ledgers, Lecture 1},
    howpublished = {Imperial College London, Deptartment Of Computing Lecture},
    pages = {3},
    date = {2022-01},
    url = {https://materials.doc.ic.ac.uk/download/2122/70017/Lecture%20Notes/1},
    urldate = {2022-01-18},
}

@inproceedings{damgaard1998zk_protocols,
    title = {Commitment schemes and zero-knowledge protocols},
    author = {Damg{\aa}rd, Ivan and Nielsen, Jesper},
    booktitle = {School organized by the European Educational Forum},
    pages = {63--86},
    year = {1998},
    doi = {10.1007/3-540-48969-X_3},
    organization = {Springer}
}

@online{reitwiessner2016zksnarks,
    title = {zkSNARKs in a nutshell},
    author = {Reitwiessner, Christian},
    journal = {Ethereum blog},
    volume = {6},
    pages = {1--15},
    year = {2016},
    url = {https://chriseth.github.io/notes/articles/zksnarks/zksnarks.pdf},
    urldate = {2022-01-15},
}

@inproceedings{zerocash_whitepaper,
    title = {Zerocash: Decentralized Anonymous Payments from Bitcoin},
    author = {Sasson, Eli Ben and Chiesa, Alessandro and Garman, Christina and Green, Matthew and Miers, Ian and Tromer, Eran and Virza, Madars},
    month = {may},
    booktitle = {2014 {IEEE} Symposium on Security and Privacy},
    pages = {459--474},
    year = {2014},
    doi = {10.1109/SP.2014.36},
    organization = {IEEE}
}

@article{buterin2015ethereum,
    author = {Vitalik Buterin},
    title = {A Next-Generation Smart Contract and Decentralized Application Platform},
    journal = {},
    year = {2015},
    url = {https://ethereum.org/en/whitepaper/},
    urldate = {2022-01-15},
}

@article{szabo1997smart-contracts,
    title = {Formalizing and securing relationships on public networks},
    author = {Szabo, Nick},
    journal = {First monday},
    year = {1997},
    doi = {10.5210/FM.V2I9.548},
    url = {https://journals.uic.edu/ojs/index.php/fm/article/view/548/469},
}

@online{bitcoinwiki-scripts,
    author = {{Bitcoin Wiki}},
    title = {Script},
    date = {2022-01},
    url = {https://en.bitcoin.it/wiki/Script},
    urldate = {2022-01-16},
}

@article{amato2021model,
    title = {A Model for Verification and Validation of Law Compliance of Smart-Contracts in IoT Environment},
    author = {Amato, Flora and Cozzolino, Giovanni and Moscato, Francesco and Moscato, Vincenzo and Xhafa, Fatos},
    journal = {IEEE Transactions on Industrial Informatics},
    year = {2021},
    publisher = {IEEE},
    doi = {10.1109/TII.2021.3057595},
}


@software{zokrates_intro,
    publisher = {Github},
    title = {Introduction to ZoKrates},
    date = {2022},
    publisher = {GitHub},
    author = {{ZoKrates Contributors}},
    url = {https://zokrates.github.io/introduction.html},
    urldate = {2022-01-16},
    version = {0.7.10}
}

@software{zokrates_repo,
    publisher = {Github},
    title = {ZoKrates Github Repository},
    date = {2022},
    publisher = {GitHub},
    note = {Git Repository},
    author = {{ZoKrates Contributors}},
    url = {https://github.com/Zokrates/ZoKrates},
    urldate = {2022-01-16},
    version = {0.7.10}
}

@software{solidity_repo,
    author = {{Solidity Team}},
    publisher = {Github},
    title = {Solidity Github Repository},
    date = {2022},
    publisher = {GitHub},
    note = {Git Repository},
    url = {https://github.com/ethereum/solidity},
    urldate = {2022-01-16},
    version = {0.8.11},
}

@software{vyper_repo,
    author = {{Vyper Team}},
    publisher = {Github},
    title = {Vyper Github Repository},
    date = {2022},
    publisher = {GitHub},
    note = {Git Repository},
    url = {https://github.com/vyperlang/vyper},
    urldate = {2022-01-18},
    version = {0.3.1},
}

@article{ben2018starks,
    title = {Scalable, transparent, and post-quantum secure computational integrity.},
    author = {Ben-Sasson, Eli and Bentov, Iddo and Horesh, Yinon and Riabzev, Michael},
    journal = {IACR Cryptol. ePrint Arch.},
    volume = {2018},
    pages = {46},
    year = {2018},
    url = {https://ia.cr/2018/046}
}

@inbook{masteringEthGlossary,
    title = {Glossary},
    booktitle = {Mastering Ethereum: Building Smart Contracts and DApps},
    author = {Antonopoulos, Andreas M and Wood, Gavin},
    isbn = {9781491971918},
    year = {2018},
    pages = {xvii},
    publisher = {O'reilly Media},
}

@online{eth_smartContractLangs,
    author = {{Ethereum Contributors}},
    title = {Smart Contract Languages},
    subtitle = {Ethereum Developer Documentation},
    date = {2021-12-22},
    url = {https://ethereum.org/en/developers/docs/smart-contracts/languages/},
    urldate = {2022-01-18},
}

@online{jsonSpec,
    author = {{Ecma International}},
    title = {Introducing JSON},
    date = {2017},
    url = {https://www.json.org/json-en.html},
    urldate = {2022-01-19},
}

@techreport{pdf2020spec,
    author = {{Adobe, ISO}},
    title = {Document management — Portable document format — Part 2: PDF 2.0},
    subtitle = {ISO 32000-2:2020},
    institution = {ISO},
    date = {2020-02},
    url = {https://www.iso.org/standard/75839.html},
    urldate = {2022-01-19}
}

@online{microsoftWordWeb,
    author = {{Microsoft}},
    title = {Microsoft Word},
    date = {2022},
    url = {https://www.microsoft.com/en-gb/microsoft-365/word},
    urldate = {2022-01-19},
}

@online{markdownSpec,
    author = {Gruber, John and Swartz, Aaron},
    title = {Markdown},
    date = {2004-12-17},
    url = {https://daringfireball.net/projects/markdown/},
    urldate = {2022-01-19},
}

// Legal
@online{jetbrainsEduLicence,
    author = {{Jetbrains s.r.o.}},
    title = {Toolbox Subscription Agreement for Students and Teachers},
    date = {2021-09},
    url = {https://www.jetbrains.com/legal/docs/toolbox/license_educational/},
    urldate = {2022-01-18},
}

@online{seismicDataLicence,
    title = {Sub-License for Seismic Data},
    author = {{UK Onshore Geophysical Library}},
    url = {https://ukogl.org.uk/data-licensing/},
    urldate = {2022-01-19},
    date = {2022},
}

@online{juroWhitepaper,
    author = {Mabey, Richard and Kovalevich, Pavel},
    organization = {Juro},
    title = {Machine-Readable Contracts: a New Paradigm for Legal Documentation},
    date = {2019},
    url = {https://info.juro.com/machine-readable-contracts},
    urldate = {2022-01-19},
}

@online{contractDef2018precedent,
    author = {{Winter V Nemethj}},
    title = {Case - Contract Law},
    date = {2018-05-31},
    url = {https://www.ruleoflaw.org.au/contract-law/},
    urldate = {2022-01-18},
}

@inbook{licenseDefinition,
    title = {"license"},
    booktitle = {West's encyclopedia of American law},
    author = {Lehman, Jeffrey and Phelps, Shirelle},
    publisher = {Thomson/Gale},
    ISBN = {0787663670},
    date = {2004},
    urldate = {2022-01-18},
    url = {https://legal-dictionary.thefreedictionary.com/License},
}

@online{accordHomepage,
    author = {{Accord Contributors}},
    title = {Accord Project},
    date = {2022},
    url = {https://docs.accordproject.org/},
    urldate = {2022-01-19},
}


@online{accordAfterSignatureCode,
    author = {{Accord Contributors}},
    title = {Accord Project Template},
    subtitle = {After Signature},
    date = {2022},
    url = {https://docs.accordproject.org/docs/accordproject-template#after-signature},
    urldate = {2022-01-19},
}
'
